@article{knuth:1984,
  title={Literate Programming},
  author={Donald E. Knuth},
  journal={The Computer Journal},
  volume={27},
  number={2},
  pages={97--111},
  year={1984},
  publisher={Oxford University Press}
}

@misc{mmyself_ros_ardrone,
  author       = {Mmyself, J.},
  title        = {Ros\_ardrone/ardrone\_launch/launch/drone.urdf},
  note         = {GitHub repository},
  howpublished = {\url{https://github.com/mmyself/ros_ardrone/blob/master/ardrone_launch/launch/drone.urdf}}
}

@unpublished{MAV_Modeling_Control,
    author = {Sihao Sun - TUDelft},
    title = {MAV Modelling Control - RO47001},
    note = {Guest Lecture}
}
